<?xml version="1.0" encoding="UTF-8"?><collection xmlns="http://www.loc.gov/MARC21/slim"><record><leader>00374nam--2200157-i-4500</leader><controlfield tag="001">000034961</controlfield><controlfield tag="002">20161230</controlfield><controlfield tag="005">20170107013216</controlfield><controlfield tag="008">060222s1000------------r-----000-0-eng-d</controlfield><datafield ind1=" " ind2=" " tag="080"><subfield code="a">546</subfield></datafield><datafield ind1=" " ind2=" " tag="100"><subfield code="a">N©Łray-Szab©đ, Istv©Łn</subfield></datafield><datafield ind1=" " ind2=" " tag="245"><subfield code="a">Anorganische cemie</subfield></datafield><datafield ind1=" " ind2=" " tag="260"><subfield code="a">Budapest</subfield><subfield code="b">Akad©♭miai Kiad©đ</subfield><subfield code="c">1962</subfield></datafield><datafield ind1=" " ind2=" " tag="300"><subfield code="a">669 p</subfield></datafield><datafield ind1=" " ind2=" " tag="852"><subfield code="a">9363</subfield></datafield><datafield ind1=" " ind2=" " tag="CAT"><subfield code="a">SYS</subfield><subfield code="c">20170107</subfield><subfield code="h">013216</subfield></datafield></record></collection>